@article{white16,
  author    = {Tom White},
  title     = {Sampling Generative Networks},
  journal   = {CoRR},
  volume    = {abs/1609.04468},
  year      = {2016},
  url       = {http://arxiv.org/abs/1609.04468},
  timestamp = {Mon, 03 Oct 2016 17:51:10 +0200},
  biburl    = {http://dblp.uni-trier.de/rec/bib/journals/corr/White16a},
  bibsource = {dblp computer science bibliography, http://dblp.org}
}

@article{simon95,
  author    = {Simon},
  title     = {Byran},
  year      = {1995}
}
